<?xml version="1.0" encoding="UTF-8"?><record xmlns="http://www.loc.gov/MARC21/slim" xmlns:cinclude="http://apache.org/cocoon/include/1.0" xmlns:zs="http://www.loc.gov/zing/srw/">
  <leader>00470cz  a2200145n  4500</leader>
  <controlfield tag="001">no2008077094</controlfield>
  <controlfield tag="003">DLC</controlfield>
  <controlfield tag="005">20080723075225.0</controlfield>
  <controlfield tag="008">080117n| acannaabn          |a aaa     c</controlfield>
  <datafield tag="010" ind1=" " ind2=" ">
    <subfield code="a">no2008077094</subfield>
  </datafield>
  <datafield tag="035" ind1=" " ind2=" ">
    <subfield code="a">(OCoLC)oca07776711</subfield>
  </datafield>
  <datafield tag="040" ind1=" " ind2=" ">
    <subfield code="a">ViRCU</subfield>
    <subfield code="b">eng</subfield>
    <subfield code="c">ViRCU</subfield>
    <subfield code="d">IEN</subfield>
  </datafield>
  <datafield tag="100" ind1="1" ind2=" ">
    <subfield code="a">Stewart, Robert W.</subfield>
    <subfield code="q">(Robert Welton),</subfield>
    <subfield code="d">1937-1994</subfield>
  </datafield>
  <datafield tag="400" ind1="1" ind2=" ">
    <subfield code="a">Stewart, Robert Welton</subfield>
  </datafield>
  <datafield tag="670" ind1=" " ind2=" ">
    <subfield code="a">Yale University "Necrology" Website :</subfield>
    <subfield code="b">("Robert Welton Stewart, March 3, 1994",  viewed 4/8/2008).</subfield>
  </datafield>
</record>